@Misc{russell2012photo,
author = {Russell, Judy G.},
title = {Cemetery photos: permission required?},
year = {2012},
howpublished = {\url{http://www.legalgenealogist.com/blog/2012/10/22/cemetery-photos-permission-required/}},
note = {Accessed:  12 October 2014},
}

@Misc{nappethics,
author = {National Association of Press Photographers},
title = {NPAA code of ethics},
year = {nd},
howpublished = {\url{https://nppa.org/code_of_ethics}},
note = {Accessed:  12 October 2014},
}
